<record><leader>00000cas a22000007a 4500</leader><controlfield tag="001">22143697</controlfield><controlfield tag="008">900725d19311940nyuwr ne      0    0eng d</controlfield><controlfield tag="009">550</controlfield><datafield ind1=" " ind2=" " tag="010"><subfield code="a">sn 90066493 </subfield></datafield><datafield ind1=" " ind2=" " tag="040"><subfield code="a">NYS</subfield><subfield code="b">eng</subfield><subfield code="c">NYS</subfield><subfield code="d">OCLCQ</subfield></datafield><datafield ind1="1" ind2=" " tag="029"><subfield code="a">AU@</subfield><subfield code="b">000025868713</subfield></datafield><datafield ind1=" " ind2=" " tag="042"><subfield code="a">msc</subfield></datafield><datafield ind1="0" ind2="0" tag="245"><subfield code="a">Keuka grape belt combined with the Hammondsport herald and Bath plaindealer.</subfield></datafield><datafield ind1="3" ind2="0" tag="246"><subfield code="a">Keuka grape belt</subfield></datafield><datafield ind1="1" ind2="3" tag="246"><subfield code="a">Keuka grape belt and the Hammondsport herald</subfield><subfield code="f">&lt;1939&gt;</subfield></datafield><datafield ind1=" " ind2=" " tag="260"><subfield code="a">Hammondsport, N.Y. :</subfield><subfield code="b">Keuka Grape Belt Co.</subfield></datafield><datafield ind1=" " ind2=" " tag="300"><subfield code="a">v. ;</subfield><subfield code="c">55 cm.</subfield></datafield><datafield ind1=" " ind2=" " tag="310"><subfield code="a">Weekly</subfield></datafield><datafield ind1="0" ind2=" " tag="362"><subfield code="a">Vol. 57, no. 49 (Dec. 3, 1931)-v. 66, no. 9 (Feb. 29, 1940).</subfield></datafield><datafield ind1=" " ind2=" " tag="500"><subfield code="a">Published as: Keuka grape belt, Nov. 10, 1938.</subfield></datafield><datafield ind1=" " ind2="4" tag="651"><subfield code="a">Hammondsport (N.Y.)</subfield><subfield code="v">Newspapers.</subfield></datafield><datafield ind1=" " ind2="4" tag="651"><subfield code="a">Bath (N.Y.)</subfield><subfield code="v">Newspapers.</subfield></datafield><datafield ind1=" " ind2=" " tag="752"><subfield code="a">United States</subfield><subfield code="b">New York</subfield><subfield code="c">Steuben</subfield><subfield code="d">Hammondsport.</subfield></datafield><datafield ind1="0" ind2="0" tag="780"><subfield code="t">Keuka grape belt, Hammondsport herald</subfield><subfield code="w">(DLC)sn 90066492</subfield></datafield><datafield ind1="0" ind2="0" tag="785"><subfield code="t">Keuka grape belt (Hammondsport, N.Y. : 1940)</subfield><subfield code="w">(DLC)sn 84031066</subfield></datafield></record>